<record><leader>00000cas a2200000 a 4500</leader><controlfield tag="001">33066878</controlfield><controlfield tag="008">950830d19911991cauwr ne      0    0eng c</controlfield><datafield ind1=" " ind2=" " tag="010"><subfield code="a">sn 95062674 </subfield></datafield><datafield ind1=" " ind2=" " tag="040"><subfield code="a">CNK</subfield><subfield code="b">eng</subfield><subfield code="c">CNK</subfield><subfield code="d">OCLCQ</subfield><subfield code="d">CNK</subfield><subfield code="d">OCLCQ</subfield><subfield code="d">OCLCF</subfield><subfield code="d">OCLCO</subfield></datafield><datafield ind1="1" ind2=" " tag="029"><subfield code="a">AU@</subfield><subfield code="b">000025880426</subfield></datafield><datafield ind1=" " ind2=" " tag="042"><subfield code="a">pcc</subfield></datafield><datafield ind1=" " ind2=" " tag="043"><subfield code="a">n-us-ca</subfield></datafield><datafield ind1="0" ind2="0" tag="245"><subfield code="a">Mill Valley record and Marin messenger.</subfield></datafield><datafield ind1=" " ind2=" " tag="260"><subfield code="a">Mill Valley, CA :</subfield><subfield code="b">Mt. Tamalpais Press</subfield></datafield><datafield ind1=" " ind2=" " tag="300"><subfield code="a">v.</subfield></datafield><datafield ind1=" " ind2=" " tag="310"><subfield code="a">Weekly</subfield></datafield><datafield ind1="0" ind2=" " tag="362"><subfield code="a">Vol. 92, issue 39 (Oct. 2, 1991)-v. 92, issue 42 [i.e. 43] (Oct. 30, 1991).</subfield></datafield><datafield ind1=" " ind2=" " tag="530"><subfield code="a">Master negatives are available for duplication from:</subfield><subfield code="b">California Newspaper Microfilm Archive;</subfield><subfield code="c">positive copies may be purchased by the reel; for further information consult the CNMA at:</subfield><subfield code="u">http://cbsr.ucr.edu</subfield></datafield><datafield ind1=" " ind2="0" tag="651"><subfield code="a">Marin County (Calif.)</subfield><subfield code="v">Newspapers.</subfield></datafield><datafield ind1=" " ind2="7" tag="655"><subfield code="a">Newspapers.</subfield><subfield code="2">fast</subfield><subfield code="0">(OCoLC)fst01423814</subfield></datafield><datafield ind1=" " ind2="7" tag="651"><subfield code="a">California</subfield><subfield code="z">Marin County.</subfield><subfield code="2">fast</subfield><subfield code="0">(OCoLC)fst01206041</subfield></datafield><datafield ind1=" " ind2=" " tag="752"><subfield code="a">United States</subfield><subfield code="b">California</subfield><subfield code="c">Marin</subfield><subfield code="d">Mill Valley.</subfield></datafield><datafield ind1="0" ind2="0" tag="780"><subfield code="t">Mill Valley record (Mill Valley, Calif. : 1947)</subfield><subfield code="w">(DLC)sn 95062673</subfield></datafield><datafield ind1="0" ind2="0" tag="785"><subfield code="t">Mill Valley record and record messenger</subfield><subfield code="w">(DLC)sn 95062675</subfield></datafield></record>